@online{bib:block_diagrams,
  author = "Wikipedia Commons",
  title = "Block Diagrams",
  howpublished = "\url{https://en.wikibooks.org/wiki/Control_Systems/Block_Diagrams#Simplifying_Block_Diagrams}",
  note = "Accessed 06/06/17",
}

@misc{bib:gain_phase_margin,
  author = "Brian Douglas",
  title = "Gain and Phase Margins Explained!",
  year = "2015",
  howpublished = "\url{https://www.youtube.com/watch?v=ThoA4amCAX4}",
}

@misc{bib:essence_of_linalg,
  author = "3Blue1Brown",
  title = "Essence of Linear Algebra",
  year = "2016",
  howpublished = "\url{https://www.youtube.com/playlist?list=PLZHQObOWTQDPD3MizzM2xVFitgF8hE_ab}",
}

@misc{bib:linalg_preview,
  author = "3Blue1Brown",
  title = "Essence of linear algebra preview",
  year = "2016",
  howpublished = "\url{https://www.youtube.com/watch?v=kjBOesZCoqc&t=0s&list=PLZHQObOWTQDPD3MizzM2xVFitgF8hE_ab&index=1}",
}

@misc{bib:linalg_vectors,
  author = "3Blue1Brown",
  title = "Vectors, what even are they?",
  year = "2016",
  howpublished = "\url{https://www.youtube.com/watch?v=fNk_zzaMoSs&t=0s&list=PLZHQObOWTQDPD3MizzM2xVFitgF8hE_ab&index=2}",
}

@misc{bib:linalg_linear_combinations,
  author = "3Blue1Brown",
  title = "Linear combinations, span, and basis vectors",
  year = "2016",
  howpublished = "\url{https://www.youtube.com/watch?v=k7RM-ot2NWY&t=0s&list=PLZHQObOWTQDPD3MizzM2xVFitgF8hE_ab&index=3}",
}

@misc{bib:linalg_linear_transformations_and_matrices,
  author = "3Blue1Brown",
  title = "Linear transformations and matrices",
  year = "2016",
  howpublished = "\url{https://www.youtube.com/watch?v=kYB8IZa5AuE&t=0s&list=PLZHQObOWTQDPD3MizzM2xVFitgF8hE_ab&index=4}",
}

@misc{bib:linalg_matrix_multiplication_as_composition,
  author = "3Blue1Brown",
  title = "Linear transformations and matrices",
  year = "2016",
  howpublished = "\url{https://www.youtube.com/watch?v=XkY2DOUCWMU&t=0s&list=PLZHQObOWTQDPD3MizzM2xVFitgF8hE_ab&index=5}",
}

@misc{bib:linalg_the_determinant,
  author = "3Blue1Brown",
  title = "The determinant",
  year = "2016",
  howpublished = "\url{https://www.youtube.com/watch?v=Ip3X9LOh2dk&t=0s&list=PLZHQObOWTQDPD3MizzM2xVFitgF8hE_ab&index=7}",
}

@misc{bib:linalg_eigenvectors_and_eigenvalues,
  author = "3Blue1Brown",
  title = "Eigenvectors and eigenvalues",
  year = "2016",
  howpublished = "\url{https://www.youtube.com/watch?v=PFDu9oVAE-g&t=0s&list=PLZHQObOWTQDPD3MizzM2xVFitgF8hE_ab&index=14}",
}

@online{bib:kalman_filter,
  author = "Wikipedia Commons",
  title = "Kalman filter",
  urldate = "06-13-17",
  howpublished = "\url{https://en.wikipedia.org/wiki/Kalman_filter#Derivations}",
  note = "Accessed 06/13/17",
}
